@book{kleppmann_2017,
    author = "Kleppmann, Martin",
    title = "Designing Data-Intensive Applications",
    year = 2017
}
